@article{Chawla2003,
  author = {Chawla, Nitesh V and Lazarevic, Aleksandar and Hall, Lawrence and Boyer, Kevin},
  doi = {10.1007/b13634},
  isbn = {3540200851},
  issn = {03029743},
  journal = {Principles of Knowledge Discovery in Databases, PKDD-2003},
  pages = {107--119},
  title = {{SMOTEBoost: improving prediction of the minority class in boosting}},
  url = {http://citeseerx.ist.psu.edu/viewdoc/summary?doi=10.1.1.80.1499},
  year = {2003},
}


@article{Haixiang2017,
  doi = {10.1016/j.eswa.2016.12.035},
  url = {https://doi.org/10.1016/j.eswa.2016.12.035},
  year = {2017},
  month = may,
  publisher = {Elsevier {BV}},
  volume = {73},
  pages = {220--239},
  author = {Guo Haixiang and Li Yijing and Jennifer Shang and Gu Mingyun and Huang Yuanyue and Gong Bing},
  title = {Learning from class-imbalanced data: Review of methods and applications},
  journal = {Expert Systems with Applications}
}


@article{Chawla2002,
  archiveprefix = {arXiv},
  arxivid = {1106.1813},
  author = {Chawla, Nitesh V and Bowyer, Kevin W and Hall, Lawrence O and Kegelmeyer, W Philip},
  doi = {10.1613/jair.953},
  eprint = {1106.1813},
  isbn = {013805326X},
  issn = {10769757},
  journal = {Journal of Artificial Intelligence Research},
  pages = {321--357},
  pmid = {18190633},
  title = {{SMOTE: Synthetic minority over-sampling technique}},
  volume = {16},
  year = {2002},
}


@article{Barua2014,
  author = {Barua, Sukarna and Islam, Md Monirul and Yao, Xin and Murase, Kazuyuki},
  doi = {10.1109/TKDE.2012.232},
  isbn = {1041-4347},
  issn = {10414347},
  journal = {IEEE Transactions on Knowledge and Data Engineering},
  keywords = {Imbalanced learning,clustering,oversampling,synthetic sample generation,undersampling},
  number = {2},
  pages = {405--425},
  title = {{MWMOTE - Majority weighted minority oversampling technique for imbalanced data set learning}},
  volume = {26},
  year = {2014},
}


@article{Fernandez2013,
  author = {Fern{\'{a}}ndez, Alberto and L{\'{o}}pez, Victoria and Galar, Mikel and del Jesus, Mar{\'{i}}a Jos{\'{e}} and Herrera, Francisco},
  doi = {http://dx.doi.org/10.1016/j.knosys.2013.01.018},
  issn = {0950-7051},
  journal = {Knowledge-Based Systems},
  keywords = {Cost-sensitive learning,Imbalanced data-sets,Multi-classification,Pairwise learning,Preprocessing},
  pages = {97--110},
  title = {{Analysing the classification of imbalanced data-sets with multiple classes: Binarization techniques and ad-hoc approaches}},
  url = {http://www.sciencedirect.com/science/article/pii/S0950705113000300},
  volume = {42},
  year = {2013},
}


@article{He2009,
  archiveprefix = {arXiv},
  arxivid = {arXiv:1011.1669v3},
  author = {He, Haibo and Garcia, Edwardo A},
  doi = {10.1109/TKDE.2008.239},
  eprint = {arXiv:1011.1669v3},
  isbn = {1041-4347},
  issn = {10414347},
  journal = {IEEE Transactions on Knowledge and Data Engineering},
  keywords = {Active learning,Assessment metrics,Classification,Cost-sensitive learning,Imbalanced learning,Kernel-based learning,Sampling methods},
  number = {9},
  pages = {1263--1284},
  pmid = {24807526},
  title = {{Learning from Imbalanced Data}},
  volume = {21},
  year = {2009},
}


@inproceedings{Prati2004,
 author = {Prati, Ronaldo C. and Batista, GEAPA and Monard, Maria Carolina},
 title = {Learning with class skews and small disjuncts},
 pages = {296--306},
 booktitle = {SBIA},
 year = {2004},
 doi = {10.1007/978-3-540-28645-5_30}
}


@article{Douzas2017a,
	title = "Self-Organizing Map Oversampling (SOMO) for imbalanced data set learning",
	journal = "Expert Systems with Applications",
	volume = "82",
	pages = "40 - 52",
	year = "2017",
	issn = "0957-4174",
	doi = "https://doi.org/10.1016/j.eswa.2017.03.073",
	url = "http://www.sciencedirect.com/science/article/pii/S0957417417302324",
	author = "Georgios Douzas and Fernando Bacao"
}


@article{Douzas2018,
	title = "Improving imbalanced learning through a heuristic oversampling method based on k-means and SMOTE",
	journal = "Information Sciences",
	volume = "465",
	pages = "1 - 20",
	year = "2018",
	issn = "0020-0255",
	doi = "https://doi.org/10.1016/j.ins.2018.06.056",
	url = "http://www.sciencedirect.com/science/article/pii/S0020025518304997",
	author = "Georgios Douzas and Fernando Bacao and Felix Last",
	keywords = "Class-imbalanced learning, Oversampling, Classification, Clustering, Supervised learning, Within-class imbalance"
}


@book{Pedregosa2011,
  archiveprefix = {arXiv},
  arxivid = {arXiv:1201.0490v2},
  author = {Pedregosa, Fabian and Varoquaux, Gael and Gramfort, Alexandre and Michel, Vincent and Thirion, Bertrand and Grisel, Olivier and Blondel, Mathieu and Prettenhofer, Peter and Weiss, Ron and Dubourg, Vincent and Vanderplas, Jake and Passos, Alexandre and Cournapeau, David and Brucher, Matthieu and Perrot, Matthieu and Duchesnay, Edouard},
  booktitle = {Journal of Machine Learning Research},
  doi = {10.1007/s13398-014-0173-7.2},
  eprint = {arXiv:1201.0490v2},
  isbn = {9781783281930},
  issn = {15324435},
  pages = {2825--2830},
  pmid = {1000044560},
  title = {{Scikit-learn: Machine learning in Python}},
  url = {http://dl.acm.org/citation.cfm?id=2078195},
  volume = {12},
  year = {2011},
}


@article{Lemaitre2016,
  archiveprefix = {arXiv},
  arxivid = {1609.06570},
  author = {Lemaitre, Guillaume and Nogueira, Fernando and Aridas, Christos K},
  doi = {http://www.jmlr.org/papers/volume18/16-365/16-365.pdf},
  eprint = {1609.06570},
  issn = {15337928},
  journal = {Journal of Machine Learning Research},
  keywords = {ensemble learning,imbalanced dataset,machine learning,over-sampling,python,under-sampling},
  pages = {1--5},
  title = {{Imbalanced-learn: A Python Toolbox to Tackle the Curse of Imbalanced Datasets in Machine Learning}},
  url = {http://arxiv.org/abs/1609.06570},
  volume = {18},
  year = {2016},
}