@inproceedings{Tang2015,
  author = {Tang, Bo and He, Haibo},
  booktitle = {2015 IEEE Congress on Evolutionary Computation},
  doi = {10.1109/cec.2015.7256954},
  month = {may},
  publisher = {IEEE},
  title = {{KernelADASYN: Kernel based adaptive synthetic data generation for imbalanced learning}},
  url = {https://doi.org/10.1109/cec.2015.7256954},
  year = {2015},
}


@article{Chawla2003,
  author = {Chawla, Nitesh V and Lazarevic, Aleksandar and Hall, Lawrence and Boyer, Kevin},
  doi = {10.1007/b13634},
  isbn = {3540200851},
  issn = {03029743},
  journal = {Principles of Knowledge Discovery in Databases, PKDD-2003},
  pages = {107--119},
  title = {{SMOTEBoost: improving prediction of the minority class in boosting}},
  url = {http://citeseerx.ist.psu.edu/viewdoc/summary?doi=10.1.1.80.1499},
  year = {2003},
}


@article{Douzas2019,
abstract = {Classification of imbalanced datasets is a challenging task for standard algorithms. Although many methods exist to address this problem in different ways, generating artificial data for the minority class is a more general approach compared to algorithmic modifications. SMOTE algorithm, as well as any other oversampling method based on the SMOTE mechanism, generates synthetic samples along line segments that join minority class instances. In this paper we propose Geometric SMOTE (G-SMOTE) as a enhancement of the SMOTE data generation mechanism. G-SMOTE generates synthetic samples in a geometric region of the input space, around each selected minority instance. While in the basic configuration this region is a hyper-sphere, G-SMOTE allows its deformation to a hyper-spheroid. The performance of G-SMOTE is compared against SMOTE as well as baseline methods. We present empirical results that show a significant improvement in the quality of the generated data when G-SMOTE is used as an oversampling algorithm. An implementation of G-SMOTE is made available in the Python programming language.},
author = {Douzas, Georgios and Bacao, Fernando},
doi = {10.1016/J.INS.2019.06.007},
issn = {0020-0255},
journal = {Information Sciences},
mendeley-groups = {Introduction{\_}Paper},
month = {oct},
pages = {118--135},
publisher = {Elsevier},
title = {{Geometric SMOTE a geometrically enhanced drop-in replacement for SMOTE}},
url = {https://www.sciencedirect.com/science/article/pii/S0020025519305353?via{\%}3Dihub},
volume = {501},
year = {2019}
}


@article{Lemaitre2016,
  archiveprefix = {arXiv},
  arxivid = {1609.06570},
  author = {Lemaitre, Guillaume and Nogueira, Fernando and Aridas, Christos K},
  doi = {http://www.jmlr.org/papers/volume18/16-365/16-365.pdf},
  eprint = {1609.06570},
  issn = {15337928},
  journal = {Journal of Machine Learning Research},
  keywords = {ensemble learning,imbalanced dataset,machine learning,over-sampling,python,under-sampling},
  pages = {1--5},
  title = {{Imbalanced-learn: A Python Toolbox to Tackle the Curse of Imbalanced Datasets in Machine Learning}},
  url = {http://arxiv.org/abs/1609.06570},
  volume = {18},
  year = {2016},
}


@article{Cover1967,
  author = {Cover, T and Hart, P},
  doi = {10.1109/TIT.1967.1053964},
  isbn = {0018-9448},
  issn = {0018-9448},
  journal = {IEEE Transactions on Information Theory},
  number = {1},
  pages = {21--27},
  pmid = {21919855},
  title = {{Nearest neighbor pattern classification}},
  url = {http://ieeexplore.ieee.org/lpdocs/epic03/wrapper.htm?arnumber=1053964},
  volume = {13},
  year = {1967},
}


@article{Kingma2015,
  archiveprefix = {arXiv},
  arxivid = {1412.6980},
  author = {Kingma, Diederik P and Ba, Jimmy Lei},
  doi = {http://doi.acm.org.ezproxy.lib.ucf.edu/10.1145/1830483.1830503},
  eprint = {1412.6980},
  isbn = {9781450300728},
  issn = {09252312},
  journal = {International Conference on Learning Representations 2015},
  pages = {1--15},
  pmid = {172668},
  title = {{Adam: a Method for Stochastic Optimization}},
  year = {2015},
}


@article{Nekooeimehr2016,
  author = {Nekooeimehr, Iman and Lai-Yuen, Susana K},
  doi = {10.1016/j.eswa.2015.10.031},
  journal = {Expert Systems with Applications},
  month = {mar},
  pages = {405--416},
  publisher = {Elsevier {\{}BV{\}}},
  title = {{Adaptive semi-unsupervised weighted oversampling (A-SUWO) for imbalanced datasets}},
  url = {https://doi.org/10.1016/j.eswa.2015.10.031},
  volume = {46},
  year = {2016},
}


@article{Wang2015,
  author = {Wang, Shuo and Minku, Leandro L and Yao, Xin},
  doi = {10.1109/TKDE.2014.2345380},
  isbn = {978-1-4799-1484-5},
  issn = {10414347},
  journal = {IEEE Transactions on Knowledge and Data Engineering},
  keywords = {Bagging,Class imbalance,ensemble learning,online learning,resampling},
  number = {5},
  pages = {1356--1368},
  title = {{Resampling-Based Ensemble Methods for Online Class Imbalance Learning}},
  volume = {27},
  year = {2015},
}


@article{Kohonen1982,
  author = {Kohonen, Teuvo},
  doi = {10.1007/BF00337288},
  isbn = {0262010976},
  issn = {03401200},
  journal = {Biological Cybernetics},
  number = {1},
  pages = {59--69},
  pmid = {1000253659},
  title = {{Self-Organized Formation of Topologically Correct Feature Maps}},
  volume = {43},
  year = {1982},
}


@article{Glorot2011,
  archiveprefix = {arXiv},
  arxivid = {1502.03167},
  author = {Glorot, Xavier and Bordes, Antoine and Bengio, Yoshua},
  doi = {10.1.1.208.6449},
  eprint = {1502.03167},
  isbn = {1532-4435},
  issn = {15324435},
  journal = {Proceedings of the Fourteenth International Conference on Artificial Intelligence and Statistics},
  pages = {315--323},
  title = {{Deep Sparse Rectifier Neural Networks}},
  volume = {15},
  year = {2011},
}


@incollection{Akbani2004,
  author = {Akbani Rehan and Kwek, Stephen and Japkowicz, Nathalie},
  booktitle = {Machine Learning: ECML 2004},
  doi = {10.1007/978-3-540-30115-8_7},
  isbn = {978-3-540-23105-9},
  pages = {39--50},
  publisher = {Springer Berlin Heidelberg},
  title = {{Applying Support Vector Machine to Imbalanced Datasets}},
  url = {https://doi.org/10.1007/978-3-540-30115-8{\_}7},
  year = {2004},
}


@inproceedings{Kaski1998,
  author = {Kaski, Samuel and Nikkil, Janne and Kohonen, Teuvo},
  booktitle = {In Proc. 6th European Symposium on Artificial Neural Networks. D-Facto, Brugfes},
  doi = {DBLP:conf/esann/1998},
  pages = {185--190},
  title = {{Methods for Interpreting a Self-Organized Map in Data Analysis}},
  url = {https://www.elen.ucl.ac.be/Proceedings/esann/esannpdf/es1998-204-S.pdf},
  year = {1998},
}


@incollection{Chawla2005,
  author = {Chawla, Nitesh V},
  booktitle = {Data Mining and Knowledge Discovery Handbook},
  doi = {10.1007/0-387-25465-x_40},
  pages = {853--867},
  publisher = {Springer-Verlag},
  title = {{Data Mining for Imbalanced Datasets: An Overview}},
  url = {https://doi.org/10.1007/0-387-25465-x{\_}40},
  year = {2005},
}


@inproceedings{Cieslak2008,
  author = {Cieslak, David and Chawla, Nitesh V},
  booktitle = {Proceedings - IEEE International Conference on Data Mining, ICDM},
  doi = {10.1109/ICDM.2008.87},
  isbn = {9780769535029},
  issn = {15504786},
  pages = {143--152},
  title = {{Start globally, optimize locally, predict globally: Improving performance on imbalanced data}},
  year = {2008},
}


@article{Chang2013,
  archiveprefix = {arXiv},
  arxivid = {0-387-31073-8},
  author = {Chang, Chih-chung and Lin, Chih-jen},
  doi = {10.1145/1961189.1961199},
  eprint = {0-387-31073-8},
  isbn = {2157-6904},
  issn = {21576904},
  journal = {ACM Transactions on Intelligent Systems and Technology (TIST)},
  keywords = {classification,libsvm,optimization,regression,support vector machines},
  pages = {1--39},
  pmid = {371},
  title = {{LIBSVM : A Library for Support Vector Machines}},
  volume = {2},
  year = {2013},
}


@incollection{Han2005,
  author = {Han, Hui and Wang, Wen-Yuan and Mao, Bing-Huan},
  booktitle = {Lecture Notes in Computer Science},
  doi = {10.1007/11538059_91},
  pages = {878--887},
  publisher = {Springer Berlin Heidelberg},
  title = {{Borderline-SMOTE: A New Over-Sampling Method in Imbalanced Data Sets Learning}},
  url = {https://doi.org/10.1007/11538059{\_}91},
  year = {2005},
}


@article{Japkowicz2000,
  archiveprefix = {arXiv},
  arxivid = {arXiv:1011.1669v3},
  author = {Japkowicz, Nathalie},
  doi = {10.1109/TKDE.2008.239},
  eprint = {arXiv:1011.1669v3},
  isbn = {9780874216561},
  issn = {1041-4347},
  journal = {Papers from AAAI Workshop},
  keywords = {Imbalanced learning,active learning,assessment metrics.,classification,cost-sensitive learning,kernel-based learning,sampling methods},
  number = {9},
  pages = {10--15},
  pmid = {15003161},
  title = {{Learning from Imbalanced Data Sets: A Comparison of Various Strategies}},
  url = {http://www.aaai.org/Papers/Workshops/2000/WS-00-05/WS00-05-003.pdf},
  volume = {21},
  year = {2000},
}


@article{Batista2004,
  author = {Batista, Gustavo E A P A and Prati, Ronaldo C and Monard, Maria Carolina},
  doi = {10.1145/1007730.1007735},
  isbn = {1931-0145},
  issn = {1931-0145},
  journal = {ACM SIGKDD Explorations Newsletter - Special issue on learning from imbalanced datasets},
  number = {1},
  pages = {20--29},
  title = {{A Study of the Behavior of Several Methods for Balancing Machine Learning Training Data}},
  url = {http://doi.acm.org/10.1145/1007730.1007735{\%}7B{\%}25{\%}7D5Cnhttp://dl.acm.org/ft{\%}7B{\_}{\%}7Dgateway.cfm?id=1007735{\%}7B{\&}{\%}7Dtype=pdf},
  volume = {6},
  year = {2004},
}


@inproceedings{Guyon2003,
  author = {Guyon, Isabelle},
  booktitle = {NIPS 2003 workshop on feature extraction},
  title = {{Design of experiments of the NIPS 2003 variable selection benchmark}},
  url = {http://scholar.google.com/scholar?hl=en{\%}7B{\&}{\%}7DbtnG=Search{\%}7B{\&}{\%}7Dq=intitle:Design+of+experiments+for+the+NIPS+2003+variable+selection+benchmark{\%}7B{\#}{\%}7D0},
  year = {2003},
}


@inproceedings{Torgo2013,
  author = {Torgo, Luis and Ribeiro, Rita P and Pfahringer, Bernhard and Branco, Paula},
  booktitle = {EPIA 2013: Progress in Artificial Intelligence},
  doi = {10.1007/978-3-642-40669-0_33},
  isbn = {9783642406683},
  issn = {03029743},
  pages = {378--389},
  title = {{SMOTE for Regression}},
  volume = {8154},
  year = {2013},
}


@article{Domingos1999,
  archiveprefix = {arXiv},
  arxivid = {arXiv:1011.1669v3},
  author = {Domingos, Pedro},
  doi = {10.1145/312129.312220},
  eprint = {arXiv:1011.1669v3},
  isbn = {1581131437},
  issn = {1550-4786},
  journal = {Proceedings of the fifth ACM SIGKDD international conference on Knowledge discovery and data mining},
  pages = {155--164},
  pmid = {25246403},
  title = {{MetaCost: A General Method for Making Classifiers Cost-Sensitive}},
  url = {http://portal.acm.org/citation.cfm?id=312129.312220{\%}7B{\&}{\%}7Dtype=series},
  volume = {55},
  year = {1999},
}


@article{Bellman1961,
  archiveprefix = {arXiv},
  arxivid = {arXiv:1302.6677v1},
  author = {Bellman, R E},
  doi = {10.1002/nav.3800080314},
  eprint = {arXiv:1302.6677v1},
  isbn = {9781400874668},
  journal = {Princeton University Press},
  pages = {1--19},
  title = {{Adaptive Control Processes: A Guided Tour}},
  url = {http://arxiv.org/abs/1302.6677},
  volume = {28},
  year = {1961},
}


@article{Zhao2008,
  archiveprefix = {arXiv},
  arxivid = {q-bio/0605018},
  author = {Zhao, Xing Ming and Li, Xin and Chen, Luonan and Aihara, Kazuyuki},
  doi = {10.1002/prot.21870},
  eprint = {0605018},
  isbn = {1097-0134 (Electronic)},
  issn = {08873585},
  journal = {Proteins: Structure, Function and Genetics},
  keywords = {Ensemble classifier,Feature extraction,Hybrid sampling,Multi-class classification,Rebalancing technique},
  number = {4},
  pages = {1125--1132},
  pmid = {18076026},
  primaryclass = {q-bio},
  title = {{Protein Classification with Imbalanced Data}},
  volume = {70},
  year = {2008},
}


@article{Barua2014,
  author = {Barua, Sukarna and Islam, Md Monirul and Yao, Xin and Murase, Kazuyuki},
  doi = {10.1109/TKDE.2012.232},
  isbn = {1041-4347},
  issn = {10414347},
  journal = {IEEE Transactions on Knowledge and Data Engineering},
  keywords = {Imbalanced learning,clustering,oversampling,synthetic sample generation,undersampling},
  number = {2},
  pages = {405--425},
  title = {{MWMOTE - Majority weighted minority oversampling technique for imbalanced data set learning}},
  volume = {26},
  year = {2014},
}


@article{Demsar2006,
  archiveprefix = {arXiv},
  arxivid = {arXiv:1011.1669v3},
  author = {Dem{\v{s}}ar, Janez},
  doi = {10.1016/j.jecp.2010.03.005},
  eprint = {arXiv:1011.1669v3},
  isbn = {9781424450404},
  issn = {1532-4435},
  journal = {Journal of Machine Learning Research},
  keywords = {Friedman test,Wilcoxon signed ranks test,comparative studies,multiple comparisons tests,statistical methods},
  pages = {1--30},
  pmid = {20451214},
  title = {{Statistical Comparisons of Classifiers over Multiple Data Sets}},
  volume = {7},
  year = {2006},
}


@book{McCullagh1989,
  archiveprefix = {arXiv},
  arxivid = {arXiv:1011.1669v3},
  author = {McCullagh, Peter and Nelder, John},
  booktitle = {Chapman {\{}{\&}{\}} Hall},
  doi = {10.1007/978-1-4899-3242-6},
  eprint = {arXiv:1011.1669v3},
  isbn = {0412317605},
  issn = {1098-6596},
  pages = {532},
  pmid = {25246403},
  title = {{Generalized Linear Models}},
  year = {1989},
}


@article{Laurikkala2001,
  author = {Laurikkala, Jorma},
  doi = {10.1007/3-540-48229-6_9},
  isbn = {0302-9743},
  issn = {16113349},
  journal = {Proceedings of the 8th Conference on AI in Medicine in Europe: Artificial Intelligence Medicine},
  pages = {63--66},
  title = {{Improving Identification of Difficult Small Classes by Balancing Class Distribution}},
  url = {http://link.springer.com/chapter/10.1007/3-540-48229-6{\%}7B{\_}{\%}7D9},
  year = {2001},
}


@book{Kohonen2001,
  archiveprefix = {arXiv},
  arxivid = {arXiv:1011.1669v3},
  author = {Kohonen, Teuvo},
  booktitle = {Springer Series in Information Sciences},
  doi = {10.1007/978-3-642-56927-2},
  eprint = {arXiv:1011.1669v3},
  isbn = {9783540679219},
  issn = {00189219},
  pages = {501},
  pmid = {12212427},
  title = {{Self-Organizing Maps}},
  url = {http://www.springerlink.com/index/10.1007/978-3-642-56927-2},
  volume = {30},
  year = {2001},
}


@article{Chawla2004,
  archiveprefix = {arXiv},
  arxivid = {10.1007/978-0-387-09823-4{\{}{\_}{\}}45},
  author = {Chawla, Nitesh V and Japkowicz, Nathalie and Drive, Prentice},
  doi = {http://doi.acm.org/10.1145/1007730.1007733},
  eprint = {978-0-387-09823-4{\{}{\_}{\}}45},
  isbn = {978-0-387-24435-8},
  issn = {1931-0145},
  journal = {ACM SIGKDD Explorations Newsletter},
  number = {1},
  pages = {1--6},
  primaryclass = {10.1007},
  title = {{Editorial: Special Issue on Learning from Imbalanced Data Sets}},
  volume = {6},
  year = {2004},
}


@article{Fernandez2013,
  author = {Fern{\'{a}}ndez, Alberto and L{\'{o}}pez, Victoria and Galar, Mikel and del Jesus, Mar{\'{i}}a Jos{\'{e}} and Herrera, Francisco},
  doi = {http://dx.doi.org/10.1016/j.knosys.2013.01.018},
  issn = {0950-7051},
  journal = {Knowledge-Based Systems},
  keywords = {Cost-sensitive learning,Imbalanced data-sets,Multi-classification,Pairwise learning,Preprocessing},
  pages = {97--110},
  title = {{Analysing the classification of imbalanced data-sets with multiple classes: Binarization techniques and ad-hoc approaches}},
  url = {http://www.sciencedirect.com/science/article/pii/S0950705113000300},
  volume = {42},
  year = {2013},
}


@article{Ting2002,
  author = {Ting, Kai Ming},
  doi = {10.1109/TKDE.2002.1000348},
  isbn = {10414347 (ISSN)},
  issn = {10414347},
  journal = {IEEE Transactions on Knowledge and Data Engineering},
  keywords = {Cost-sensitive,Decision trees,Greedy divide-and-conquer algorithm,Induction,Instance weighting},
  number = {3},
  pages = {659--665},
  pmid = {158},
  title = {{An Instance-Weighting Method to Induce Cost-Sensitive Trees}},
  volume = {14},
  year = {2002},
}


@inproceedings{He2008,
  author = {He, Haibo and Bai, Yang and Garcia, Edwardo A and Li, Shutao},
  booktitle = {Proceedings of the International Joint Conference on Neural Networks},
  doi = {10.1109/IJCNN.2008.4633969},
  isbn = {9781424418213},
  issn = {1098-7576},
  pages = {1322--1328},
  title = {{ADASYN: Adaptive Synthetic Sampling Approach for Imbalanced Learning}},
  year = {2008},
}


@article{Kubat1997,
  archiveprefix = {arXiv},
  arxivid = {arXiv:1011.1669v3},
  author = {Kubat, Miroslav and Matwin, Stan},
  doi = {10.1007/s13398-014-0173-7.2},
  eprint = {arXiv:1011.1669v3},
  isbn = {9780874216561},
  issn = {0717-6163},
  journal = {In Proceedings of the Fourteenth International Conference on Machine Learning},
  pages = {179--186},
  pmid = {15003161},
  title = {{Addressing the Curse of Imbalanced Training Sets: One Sided Selection}},
  volume = {97},
  year = {1997},
}


@inproceedings{Abadi2016,
  archiveprefix = {arXiv},
  arxivid = {1605.08695},
  author = {Abadi, Martin and Barham, Paul and Chen, Jianmin and Chen, Zhifeng and Davis, Andy and Dean, Jeffrey and Devin, Matthieu and Ghemawat, Sanjay and Irving, Geoffrey and Isard, Michael and Kudlur, Manjunath and Levenberg, Josh and Monga, Rajat and Moore, Sherry and Murray, Derek G and Steiner, Benoit and Tucker, Paul and Vasudevan, Vijay and Warden, Pete and Wicke, Martin and Yu, Yuan and Zheng, Xiaoqiang},
  booktitle = {12th USENIX Symposium on Operating Systems Design and Implementation (OSDI '16)},
  eprint = {1605.08695},
  isbn = {978-1-931971-33-1},
  pages = {265--284},
  title = {{TensorFlow: A System for Large-Scale Machine Learning TensorFlow: A system for large-scale machine learning}},
  url = {https://www.usenix.org/conference/osdi16/technical-sessions/presentation/abadi},
  year = {2016},
}


@article{Douzas2017a,
	title = "Self-Organizing Map Oversampling (SOMO) for imbalanced data set learning",
	journal = "Expert Systems with Applications",
	volume = "82",
	pages = "40 - 52",
	year = "2017",
	issn = "0957-4174",
	doi = "https://doi.org/10.1016/j.eswa.2017.03.073",
	url = "http://www.sciencedirect.com/science/article/pii/S0957417417302324",
	author = "Georgios Douzas and Fernando Bacao"
}


@article{Douzas2017b,
  doi = {10.1016/j.eswa.2017.09.030},
  url = {https://doi.org/10.1016/j.eswa.2017.09.030},
  year = {2017},
  month = {sep},
  publisher = {Elsevier},
  author = {Georgios Douzas and Fernando Bacao},
  title = {{Effective data generation for imbalanced learning using Conditional Generative Adversarial Networks}},
  journal = {Expert Systems with Applications},
}


@article{Friedman2001,
  archiveprefix = {arXiv},
  arxivid = {arXiv:1011.1669v3},
  author = {Friedman, Jerome H},
  doi = {DOI 10.1214/aos/1013203451},
  eprint = {arXiv:1011.1669v3},
  isbn = {0090-5364},
  issn = {00905364},
  journal = {Annals of Statistics},
  keywords = {Boosting,Decision trees,Function estimation,Robust nonparametric regression},
  number = {5},
  pages = {1189--1232},
  pmid = {21740230},
  title = {{Greedy function approximation: A gradient boosting machine}},
  volume = {29},
  year = {2001},
}


@article{Goodfellow2014,
  archiveprefix = {arXiv},
  arxivid = {arXiv:1406.2661v1},
  author = {Goodfellow, Ian and Pouget-Abadie, Jean and Mirza, Mehdi and Xu, Bing and Warde-Farley, David and Ozair, Sherjil and Courville, Aaron and Bengio, Yoshua},
  doi = {10.1017/CBO9781139058452},
  eprint = {arXiv:1406.2661v1},
  isbn = {1406.2661},
  issn = {10495258},
  journal = {Advances in Neural Information Processing Systems 27},
  pages = {2672--2680},
  pmid = {1000183096},
  title = {{Generative Adversarial Nets}},
  url = {http://papers.nips.cc/paper/5423-generative-adversarial-nets.pdf},
  year = {2014},
}


@inproceedings{Chawla_workshop2003,
  author = {Chawla, Nitesh V and Japkowicz, Nathalie and Kolcz, Aleksander},
  booktitle = {ICML},
  title = {{Workshop: Learning from Imbalanced Data Sets II}},
  year = {2003},
}


@article{Graves2016,
  author = {Graves, Sarah and Asner, Gregory and Martin, Roberta and Anderson, Christofer and Colgan, Matthew and Kalantari, Leila and Bohlman, Stephanie},
  issn = {20724292},
  journal = {Remote Sensing},
  keywords = {Agriculture,Class imbalance,Imaging spectroscopy,Operational species mapping,Support vector machine,Tropics},
  number = {2},
  title = {{Tree Species Abundance Predictions in a Tropical Agricultural Landscape with a Supervised Classification Model and Imbalanced Data}},
  volume = {8},
  year = {2016},
}


@article{Kotsiantis2006,
  archiveprefix = {arXiv},
  arxivid = {10.1007/978-0-387-09823-4{\{}{\_}{\}}45},
  author = {Kotsiantis, Sotiris and Kanellopoulos, Dimitris and Pintelas, Panayiotis},
  doi = {10.1007/978-0-387-09823-4_45},
  eprint = {978-0-387-09823-4{\{}{\_}{\}}45},
  isbn = {978-0-387-09822-7},
  issn = {14337851},
  journal = {GESTS International Transactions on Computer Science and Engineering},
  number = {1},
  pages = {25--36},
  pmid = {25246403},
  primaryclass = {10.1007},
  title = {{Handling Imbalanced Datasets : A review}},
  url = {http://citeseerx.ist.psu.edu/viewdoc/download?doi=10.1.1.96.9248{\%}7B{\&}{\%}7Drep=rep1{\%}7B{\&}{\%}7Dtype=pdf},
  volume = {30},
  year = {2006},
}


@article{Wilson1972,
  author = {Wilson, Dennis L},
  doi = {10.1109/TSMC.1972.4309137},
  isbn = {0018-9472},
  issn = {21682909},
  journal = {IEEE Transactions on Systems, Man and Cybernetics},
  number = {3},
  pages = {408--421},
  title = {{Asymptotic Properties of Nearest Neighbor Rules Using Edited Data}},
  volume = {2},
  year = {1972},
}


@article{Merenyi2007,
  author = {Merenyi, Erzbet and Abha, Jain and Vilmann, Thomas},
  doi = {10.1109/TNN.2007.895833},
  issn = {10459227},
  journal = {IEEE Transactions on Neural Networks},
  keywords = {Data mining,High-dimensional data,Map magnification,Self-organizing maps (SOMs)},
  number = {3},
  pages = {786--797},
  pmid = {17526344},
  title = {{Explicit Magnification Control of Self-Organizing Maps for Forbidden Data}},
  volume = {18},
  year = {2007},
}


@article{Gauthier2014,
  archiveprefix = {arXiv},
  arxivid = {1512.09300},
  author = {Gauthier, Jon},
  eprint = {1512.09300},
  journal = {Technical report.},
  title = {{Conditional generative adversarial nets for convolutional face generation}},
  url = {http://cs231n.stanford.edu/reports/jgauthie{\%}7B{\_}{\%}7Dfinal{\%}7B{\_}{\%}7Dreport.pdf},
  year = {2014},
}


@misc{Galar2012,
  author = {Galar, Mikel and Fernandez, Alberto and Barrenechea, Edurne and Bustince, Humberto and Herrera, Francisco},
  doi = {10.1109/TSMCC.2011.2161285},
  isbn = {1094-6977},
  issn = {10946977},
  keywords = {Bagging,boosting,class distribution,classification,ensembles,imbalanced data-sets,multiple classifier systems},
  number = {4},
  pages = {463--484},
  title = {{A Review on Ensembles for the Class Imbalance Problem: Bagging-, Boosting-, and Hybrid-Based Approaches}},
  volume = {42},
  year = {2012},
}


@inproceedings{Sarajedini1996,
  author = {Sarajedini, By A and Chau, P M},
  booktitle = {WCNN'96},
  pages = {876--880},
  title = {{Cumulative Distribution Estimation With Neural Networks}},
  year = {1996},
}


@article{Bunkhumpornpat2012,
  author = {Bunkhumpornpat, Chumphol and Sinapiromsaran, Krung and Lursinsap, Chidchanok},
  doi = {10.1007/s10489-011-0287-y},
  issn = {0924669X},
  journal = {Applied Intelligence},
  keywords = {Class imbalance,Classification,Density-based,Over-sampling},
  number = {3},
  pages = {664--684},
  title = {{DBSMOTE: Density-based synthetic minority over-sampling technique}},
  url = {https://doi.org/10.1007/s10489-011-0287-y},
  volume = {36},
  year = {2012},
}


@article{He2009,
  archiveprefix = {arXiv},
  arxivid = {arXiv:1011.1669v3},
  author = {He, Haibo and Garcia, Edwardo A},
  doi = {10.1109/TKDE.2008.239},
  eprint = {arXiv:1011.1669v3},
  isbn = {1041-4347},
  issn = {10414347},
  journal = {IEEE Transactions on Knowledge and Data Engineering},
  keywords = {Active learning,Assessment metrics,Classification,Cost-sensitive learning,Imbalanced learning,Kernel-based learning,Sampling methods},
  number = {9},
  pages = {1263--1284},
  pmid = {24807526},
  title = {{Learning from Imbalanced Data}},
  volume = {21},
  year = {2009},
}


@article{Clearwater1991,
  author = {Clearwater, S H and Stern, E G},
  doi = {10.1016/0010-4655(91)90014-C},
  issn = {00104655},
  journal = {Computer Physics Communications},
  number = {2},
  pages = {159--182},
  title = {{A rule-learning program in high energy physics event classification}},
  url = {http://www.sciencedirect.com/science/article/pii/001046559190014C},
  volume = {67},
  year = {1991},
}


@inproceedings{Bunkhumpornpat2009,
  archiveprefix = {arXiv},
  arxivid = {arXiv:1011.1669v3},
  author = {Bunkhumpornpat, Chumphol and Sinapiromsaran, Krung and Lursinsap, Chidchanok},
  booktitle = {Lecture Notes in Computer Science (including subseries Lecture Notes in Artificial Intelligence and Lecture Notes in Bioinformatics)},
  doi = {10.1007/978-3-642-01307-2_43},
  eprint = {arXiv:1011.1669v3},
  isbn = {3642013066},
  issn = {03029743},
  keywords = {Class Imbalanced Problem,Over-sampling,SMOTE,Safe Level},
  pages = {475--482},
  pmid = {25246403},
  title = {{Safe-level-SMOTE: Safe-level-synthetic minority over-sampling technique for handling the class imbalanced problem}},
  volume = {5476 LNAI},
  year = {2009},
}


@book{Quinlan1992,
  author = {Quinlan, J Ross},
  booktitle = {Morgan Kaufmann Publishers Inc.},
  doi = {10.1016/S0019-9958(62)90649-6},
  isbn = {1558602380},
  issn = {08856125},
  number = {3},
  pages = {302},
  pmid = {21786264},
  title = {{C4.5: programs for machine learning}},
  url = {http://portal.acm.org/citation.cfm?id=152181{\%}7B{\%}25{\%}7D5Cnhttp://www.amazon.com/C4-5-Programs-Machine-Learning-Kaufmann/dp/1558602380},
  volume = {1},
  year = {1992},
}


@article{Aggarwal2001,
  archiveprefix = {arXiv},
  arxivid = {0812.0624},
  author = {Aggarwal, Charu C and Hinneburg, Alexander and Keim, Daniel A},
  doi = {10.1007/3-540-44503-X_27},
  eprint = {0812.0624},
  isbn = {978-3-540-41456-8},
  issn = {0956-7925},
  journal = {Database Theory ? ICDT 2001},
  pages = {420--434},
  pmid = {25246403},
  title = {{On the Surprising Behavior of Distance Metrics in High Dimensional Space}},
  volume = {1973},
  year = {2001},
}


@book{Pedregosa2011,
  archiveprefix = {arXiv},
  arxivid = {arXiv:1201.0490v2},
  author = {Pedregosa, Fabian and Varoquaux, Gael and Gramfort, Alexandre and Michel, Vincent and Thirion, Bertrand and Grisel, Olivier and Blondel, Mathieu and Prettenhofer, Peter and Weiss, Ron and Dubourg, Vincent and Vanderplas, Jake and Passos, Alexandre and Cournapeau, David and Brucher, Matthieu and Perrot, Matthieu and Duchesnay, Edouard},
  booktitle = {Journal of Machine Learning Research},
  doi = {10.1007/s13398-014-0173-7.2},
  eprint = {arXiv:1201.0490v2},
  isbn = {9781783281930},
  issn = {15324435},
  pages = {2825--2830},
  pmid = {1000044560},
  title = {{Scikit-learn: Machine learning in Python}},
  url = {http://dl.acm.org/citation.cfm?id=2078195},
  volume = {12},
  year = {2011},
}


@article{Chawla2002,
  archiveprefix = {arXiv},
  arxivid = {1106.1813},
  author = {Chawla, Nitesh V and Bowyer, Kevin W and Hall, Lawrence O and Kegelmeyer, W Philip},
  doi = {10.1613/jair.953},
  eprint = {1106.1813},
  isbn = {013805326X},
  issn = {10769757},
  journal = {Journal of Artificial Intelligence Research},
  pages = {321--357},
  pmid = {18190633},
  title = {{SMOTE: Synthetic minority over-sampling technique}},
  volume = {16},
  year = {2002},
}


@article{Cottrell1998,
  archiveprefix = {arXiv},
  arxivid = {0704.1696},
  author = {Cottrell, M and Fort, J C and Pag{\`{e}}s, G},
  doi = {10.1016/S0925-2312(98)00034-4},
  eprint = {0704.1696},
  isbn = {0925-2312},
  issn = {09252312},
  journal = {Neurocomputing},
  keywords = {Convergence of stochastic processes,Kohonen algorithm,Self-organization,Vectorial quantization},
  number = {1-3},
  pages = {119--138},
  title = {{Theoretical Aspects of the SOM Algorithm}},
  url = {https://doi.org/10.1016/s0925-2312(98)00034-4},
  volume = {21},
  year = {1998},
}


@article{Verbeke2012,
  author = {Verbeke, Wouter and Dejaeger, Karel and Martens, David and Hur, Joon and Baesens, Bart},
  doi = {10.1016/j.ejor.2011.09.031},
  isbn = {03772217},
  issn = {03772217},
  journal = {European Journal of Operational Research},
  keywords = {Churn prediction,Data mining,Input selection,Oversampling,Profit,Telecommunication sector},
  number = {1},
  pages = {211--229},
  title = {{New Insights into Churn Prediction in the Telecommunication Sector: A Profit Driven Data Mining Approach}},
  volume = {218},
  year = {2012},
}


@inproceedings{Ritter1988,
  author = {Ritter, Helge and Klaus, Schulten},
  booktitle = {Neural Computers},
  pages = {393--406},
  title = {{Extending Kohonen's Self-Organizing Mapping Algorithm to Learn Ballistic Movements}},
  year = {1988},
}


@inproceedings{Kaski1996,
  author = {Kaski, Samuel and Lagus, Krista},
  booktitle = {ICANN 96},
  doi = {10.1007/3-540-61510-5_136},
  isbn = {978-3-540-68684-2},
  pages = {809--814},
  title = {{Comparing Self-Organizing Maps}},
  volume = {1112},
  year = {1996},
}


@article{Jo2004,
  author = {Jo, Taeho and Japkowicz, Nathalie},
  doi = {10.1145/1007730.1007737},
  isbn = {1931-0145},
  issn = {19310145},
  journal = {ACM SIGKDD Explorations Newsletter},
  number = {1},
  pages = {40},
  title = {{Class imbalances versus small disjuncts}},
  url = {http://portal.acm.org/citation.cfm?doid=1007730.1007737},
  volume = {6},
  year = {2004},
}


@article{Prati2015,
  author = {Prati, R C and Batista, Geapa and Silva, D F},
  doi = {10.1007/s10115-014-0794-3},
  isbn = {0219-1377},
  issn = {0219-1377},
  journal = {Knowledge and Information Systems},
  keywords = {Class imbalance,Experimental setup,Sampling methods},
  pages = {247--270},
  title = {{Class imbalance revisited: a new experimental setup to assess the performance of treatment methods}},
  url = {https://doi.org/10.1007/s10115-014-0794-3},
  volume = {45},
  year = {2015},
}


@article{Guo2004,
  author = {Guo, Hongyu and Viktor, Herna L},
  doi = {10.1145/1007730.1007736},
  isbn = {1931-0145},
  issn = {19310145},
  journal = {ACM SIGKD Explorations Newsletter - Special issue on learning from imbalanced datasets},
  keywords = {data mining,ensembles of classifiers,imbalanced data sets},
  number = {1},
  pages = {30--39},
  title = {{Learning from imbalanced data sets with boosting and data Generation : The DataBoost-IM approach}},
  volume = {6},
  year = {2004},
}


@article{Sun2015,
  author = {Sun, Zhongbin and Song, Qinbao and Zhu, Xiaoyan and Sun, Heli and Xu, Baowen and Zhou, Yuming},
  doi = {10.1016/j.patcog.2014.11.014},
  issn = {00313203},
  journal = {Pattern Recognition},
  month = {may},
  number = {5},
  pages = {1623--1637},
  title = {{A novel ensemble method for classifying imbalanced data}},
  url = {http://linkinghub.elsevier.com/retrieve/pii/S0031320314004841},
  volume = {48},
  year = {2015},
}


@inproceedings{Cieslak2006,
  author = {D. A. Cieslak and N. V. Chawla and A. Striegel},
  booktitle = {2006 IEEE International Conference on Granular Computing},
  title = {{Combating imbalance in network intrusion datasets}},
  year = {2006},
  pages = {732-737},
  keywords = {Computer networks;Computer security;Counting circuits;Data mining;Data security;Humans;Intelligent networks;Intrusion detection;Machine learning;Telecommunication traffic},
  doi = {10.1109/GRC.2006.1635905},
  month = {May},
}


@article{Blagus2013,
  doi = {10.1186/1471-2105-14-106},
  url = {https://doi.org/10.1186/1471-2105-14-106},
  year = {2013},
  publisher = {Springer Nature},
  volume = {14},
  number = {1},
  pages = {106},
  author = {Rok Blagus and Lara Lusa},
  title = {{SMOTE for high-dimensional class-imbalanced data}},
  journal = {{BMC} Bioinformatics},
}


@book{DasGupta2011,
  doi = {10.1007/978-1-4419-9634-3},
  url = {https://doi.org/10.1007/978-1-4419-9634-3},
  year = {2011},
  publisher = {Springer New York},
  author = {Anirban DasGupta},
  title = {{Probability for Statistics and Machine Learning}},
}


@article{Vaidya1989,
  doi = {10.1007/bf02187718},
  url = {https://doi.org/10.1007/bf02187718},
  year = {1989},
  month = {mar},
  publisher = {Springer Nature},
  volume = {4},
  number = {2},
  pages = {101--115},
  author = {Pravin M. Vaidya},
  title = {{An O(n logn) algorithm for the all-nearest-neighbors Problem}},
  journal = {Discrete {\&} Computational Geometry},
}


@article{Alcala-Fdez2011,
	title = {Keel data-mining software tool: data set repository, integration of algorithms and experimental analysis framework},
	volume = {17},
	journal = {Journal of Multiple-Valued Logic \& Soft Computing},
	author = {Alcalá-Fdez, Jesús and Fernández, Alberto and Luengo, Julián and Derrac, Joaquín and García, Salvador and Sánchez, Luciano and Herrera, Francisco},
	year = {2011}
}


@misc{Lichman2013,
	author = {Lichman, M.},
	year = {2013},
	title = {UCI Machine Learning Repository},
	keywords = {datasets},
	institution = {{University of California, Irvine, School of Information and Computer Sciences{\dq}}}
}


@Article{Salzberg1994,
	author={Salzberg, Steven L.},
	title={C4.5: Programs for Machine Learning by J. Ross Quinlan. Morgan Kaufmann Publishers, Inc., 1993},
	journal={Machine Learning},
	year={1994},
	month={Sep},
	day={01},
	volume={16},
	number={3},
	pages="235--240",
	issn="1573-0565",
	doi="10.1007/BF00993309",
	url="https://doi.org/10.1007/BF00993309"
}

@article{Douzas2018,
	title = "Improving imbalanced learning through a heuristic oversampling method based on k-means and SMOTE",
	journal = "Information Sciences",
	volume = "465",
	pages = "1 - 20",
	year = "2018",
	issn = "0020-0255",
	doi = "https://doi.org/10.1016/j.ins.2018.06.056",
	url = "http://www.sciencedirect.com/science/article/pii/S0020025518304997",
	author = "Georgios Douzas and Fernando Bacao and Felix Last",
	keywords = "Class-imbalanced learning, Oversampling, Classification, Clustering, Supervised learning, Within-class imbalance"
}

@article{Fernandez2018,
	author = {Fernandez, Alberto and Garcia, Salvador and Herrera, Francisco and V. Chawla, Nitesh},
	year = {2018},
	month = {04},
	pages = {863-905},
	title = {SMOTE for Learning from Imbalanced Data: Progress and Challenges, Marking the 15-year Anniversary},
	volume = {61},
	booktitle = {Journal of Artificial Intelligence Research}
}

@article{Haixiang2017,
  doi = {10.1016/j.eswa.2016.12.035},
  url = {https://doi.org/10.1016/j.eswa.2016.12.035},
  year = {2017},
  month = may,
  publisher = {Elsevier {BV}},
  volume = {73},
  pages = {220--239},
  author = {Guo Haixiang and Li Yijing and Jennifer Shang and Gu Mingyun and Huang Yuanyue and Gong Bing},
  title = {Learning from class-imbalanced data: Review of methods and applications},
  journal = {Expert Systems with Applications}
}