
@article{Hoens2013,
  archiveprefix = {Imbalanced Learning: Foundations, Algorithms, and Applications},
  author = {T. Ryan Hoens and Nitesh V. Chawla},
  doi = {10.1002/9781118646106},
  journal = {Imbalanced Learning: Foundations, Algorithms, and Applications},
  pages = {43},
  title = {Handling Imbalanced Datasets : A review},
  url = {https://www3.nd.edu/~dial/publications/hoens2013imbalanced.pdf},
  volume = {1},
  year = {2013},
}

@article{Vong2014,
  doi = {10.1007/s12559-014-9301-0},
  url = {https://doi.org/10.1007/s12559-014-9301-0},
  year = {2014},
  month = aug,
  publisher = {Springer Science and Business Media {LLC}},
  volume = {7},
  number = {3},
  pages = {381--391},
  author = {Chi-Man Vong and Weng-Fai Ip and Chi-Chong Chiu and Pak-Kin Wong},
  title = {Imbalanced Learning for Air Pollution by Meta-Cognitive Online Sequential Extreme Learning Machine},
  journal = {Cognitive Computation}
}

@article{Haixiang2017,
  doi = {10.1016/j.eswa.2016.12.035},
  url = {https://doi.org/10.1016/j.eswa.2016.12.035},
  year = {2017},
  month = may,
  publisher = {Elsevier {BV}},
  volume = {73},
  pages = {220--239},
  author = {Guo Haixiang and Li Yijing and Jennifer Shang and Gu Mingyun and Huang Yuanyue and Gong Bing},
  title = {Learning from class-imbalanced data: Review of methods and applications},
  journal = {Expert Systems with Applications}
}

@article{Chawla2003,
  author = {Chawla, Nitesh V and Lazarevic, Aleksandar and Hall, Lawrence and Boyer, Kevin},
  doi = {10.1007/b13634},
  isbn = {3540200851},
  issn = {03029743},
  journal = {Principles of Knowledge Discovery in Databases, PKDD-2003},
  pages = {107--119},
  title = {{SMOTEBoost: improving prediction of the minority class in boosting}},
  url = {http://citeseerx.ist.psu.edu/viewdoc/summary?doi=10.1.1.80.1499},
  year = {2003},
}

@article{Friedman2001,
  archiveprefix = {arXiv},
  arxivid = {arXiv:1011.1669v3},
  author = {Friedman, Jerome H},
  doi = {DOI 10.1214/aos/1013203451},
  eprint = {arXiv:1011.1669v3},
  isbn = {0090-5364},
  issn = {00905364},
  journal = {Annals of Statistics},
  keywords = {Boosting,Decision trees,Function estimation,Robust nonparametric regression},
  number = {5},
  pages = {1189--1232},
  pmid = {21740230},
  title = {{Greedy function approximation: A gradient boosting machine}},
  volume = {29},
  year = {2001},
}

@article{Lemaitre2016,
  archiveprefix = {arXiv},
  arxivid = {1609.06570},
  author = {Lemaitre, Guillaume and Nogueira, Fernando and Aridas, Christos K},
  doi = {http://www.jmlr.org/papers/volume18/16-365/16-365.pdf},
  eprint = {1609.06570},
  issn = {15337928},
  journal = {Journal of Machine Learning Research},
  keywords = {ensemble learning,imbalanced dataset,machine learning,over-sampling,python,under-sampling},
  pages = {1--5},
  title = {{Imbalanced-learn: A Python Toolbox to Tackle the Curse of Imbalanced Datasets in Machine Learning}},
  url = {http://arxiv.org/abs/1609.06570},
  volume = {18},
  year = {2016},
}

@@book{Pedregosa2012,
  archiveprefix = {arXiv},
  arxivid = {arXiv:1201.0490v2},
  author = {Pedregosa, Fabian and Varoquaux, Gael and Gramfort, Alexandre and Michel, Vincent and Thirion, Bertrand and Grisel, Olivier and Blondel, Mathieu and Prettenhofer, Peter and Weiss, Ron and Dubourg, Vincent and Vanderplas, Jake and Passos, Alexandre and Cournapeau, David and Brucher, Matthieu and Perrot, Matthieu and Duchesnay, Edouard},
  booktitle = {Journal of Machine Learning Research},
  doi = {10.1007/s13398-014-0173-7.2},
  eprint = {arXiv:1201.0490v2},
  isbn = {9781783281930},
  issn = {15324435},
  pages = {2825--2830},
  pmid = {1000044560},
  title = {{Scikit-learn: Machine learning in Python}},
  url = {http://dl.acm.org/citation.cfm?id=2078195},
  volume = {12},
  year = {2011},
}

@book{McCullagh1989,
  archiveprefix = {arXiv},
  arxivid = {arXiv:1011.1669v3},
  author = {McCullagh, Peter and Nelder, John},
  booktitle = {Chapman {\{}{\&}{\}} Hall},
  doi = {10.1007/978-1-4899-3242-6},
  eprint = {arXiv:1011.1669v3},
  isbn = {0412317605},
  issn = {1098-6596},
  pages = {532},
  pmid = {25246403},
  title = {{Generalized Linear Models}},
  year = {1989},
}

@incollection{Japkowicz2013,
  doi = {10.1002/9781118646106.ch8},
  url = {https://doi.org/10.1002/9781118646106.ch8},
  year = {2013},
  month = jun,
  publisher = {John Wiley {\&} Sons,  Inc.},
  pages = {187--206},
  author = {Nathalie Japkowicz},
  title = {Assessment Metrics for Imbalanced Learning},
  booktitle = {Imbalanced Learning}
}

@article{Ganganwar2012,
author = {Ganganwar, Vaishali},
year = {2012},
month = {01},
pages = {42-47},
title = {An overview of classification algorithms for imbalanced datasets},
volume = {2},
booktitle = {International Journal of Emerging Technology and Advanced Engineering},
}

@incollection{Yen2006,
  doi = {10.1007/978-3-540-37256-1_89},
  url = {https://doi.org/10.1007/978-3-540-37256-1_89},
  publisher = {Springer Berlin Heidelberg},
  pages = {731--740},
  author = {Show-Jane Yen and Yue-Shi Lee},
  title = {Under-Sampling Approaches for Improving Prediction of the Minority Class in an Imbalanced Dataset},
  booktitle = {Intelligent Control and Automation}
}

@article{Chawla2002,
 author = {Chawla, Nitesh V. and Bowyer, Kevin W. and Hall, Lawrence O. and Kegelmeyer, W. Philip},
 title = {SMOTE: Synthetic Minority Over-sampling Technique},
 journal = {J. Artif. Int. Res.},
 issue_date = {January 2002},
 volume = {16},
 number = {1},
 month = jun,
 year = {2002},
 issn = {1076-9757},
 pages = {321--357},
 numpages = {37},
 url = {http://dl.acm.org/citation.cfm?id=1622407.1622416},
 acmid = {1622416},
 publisher = {AI Access Foundation},
 address = {USA},
} 


@article{Douzas2018,
	title = "Improving imbalanced learning through a heuristic oversampling method based on k-means and SMOTE",
	journal = "Information Sciences",
	volume = "465",
	pages = "1 - 20",
	year = "2018",
	issn = "0020-0255",
	doi = "https://doi.org/10.1016/j.ins.2018.06.056",
	url = "http://www.sciencedirect.com/science/article/pii/S0020025518304997",
	author = "Georgios Douzas and Fernando Bacao and Felix Last",
	keywords = "Class-imbalanced learning, Oversampling, Classification, Clustering, Supervised learning, Within-class imbalance"
}


@article{Wan2014,
  doi = {10.1186/s12911-014-0111-9},
  url = {https://doi.org/10.1186/s12911-014-0111-9},
  year = {2014},
  month = dec,
  publisher = {Springer Nature},
  volume = {14},
  number = {1},
  author = {Xiang Wan and Jiming Liu and William K Cheung and Tiejun Tong},
  title = {Learning to improve medical decision making from imbalanced data without a priori cost},
  journal = {{BMC} Medical Informatics and Decision Making}
}

@article{Fernandez2013,
  author = {Fern{\'{a}}ndez, Alberto and L{\'{o}}pez, Victoria and Galar, Mikel and del Jesus, Mar{\'{i}}a Jos{\'{e}} and Herrera, Francisco},
  doi = {http://dx.doi.org/10.1016/j.knosys.2013.01.018},
  issn = {0950-7051},
  journal = {Knowledge-Based Systems},
  keywords = {Cost-sensitive learning,Imbalanced data-sets,Multi-classification,Pairwise learning,Preprocessing},
  pages = {97--110},
  title = {{Analysing the classification of imbalanced data-sets with multiple classes: Binarization techniques and ad-hoc approaches}},
  url = {http://www.sciencedirect.com/science/article/pii/S0950705113000300},
  volume = {42},
  year = {2013},
}

@inproceedings{Bunkhumpornpat2009,
  archiveprefix = {arXiv},
  arxivid = {arXiv:1011.1669v3},
  author = {Bunkhumpornpat, Chumphol and Sinapiromsaran, Krung and Lursinsap, Chidchanok},
  booktitle = {Lecture Notes in Computer Science (including subseries Lecture Notes in Artificial Intelligence and Lecture Notes in Bioinformatics)},
  doi = {10.1007/978-3-642-01307-2_43},
  eprint = {arXiv:1011.1669v3},
  isbn = {3642013066},
  issn = {03029743},
  keywords = {Class Imbalanced Problem,Over-sampling,SMOTE,Safe Level},
  pages = {475--482},
  pmid = {25246403},
  title = {{Safe-level-SMOTE: Safe-level-synthetic minority over-sampling technique for handling the class imbalanced problem}},
  volume = {5476 LNAI},
  year = {2009},
}

@article{Batista2004,
  doi = {10.1145/1007730.1007735},
  url = {https://doi.org/10.1145/1007730.1007735},
  year = {2004},
  month = jun,
  publisher = {Association for Computing Machinery ({ACM})},
  volume = {6},
  number = {1},
  pages = {20},
  author = {Gustavo E. A. P. A. Batista and Ronaldo C. Prati and Maria Carolina Monard},
  title = {A study of the behavior of several methods for balancing machine learning training data},
  journal = {{ACM} {SIGKDD} Explorations Newsletter}
}

@incollection{Prati2004,
  doi = {10.1007/978-3-540-28645-5_30},
  url = {https://doi.org/10.1007/978-3-540-28645-5_30},
  year = {2004},
  publisher = {Springer Berlin Heidelberg},
  pages = {296--306},
  author = {Ronaldo C. Prati and Gustavo E. A. P. A. Batista and Maria Carolina Monard},
  title = {Learning with Class Skews and Small Disjuncts},
  booktitle = {Advances in Artificial Intelligence {\textendash} {SBIA} 2004}
}

@article{Guo2004,
  author = {Guo, Hongyu and Viktor, Herna L},
  doi = {10.1145/1007730.1007736},
  isbn = {1931-0145},
  issn = {19310145},
  journal = {ACM SIGKD Explorations Newsletter - Special issue on learning from imbalanced datasets},
  keywords = {data mining,ensembles of classifiers,imbalanced data sets},
  number = {1},
  pages = {30--39},
  title = {{Learning from imbalanced data sets with boosting and data Generation : The DataBoost-IM approach}},
  volume = {6},
  year = {2004},
}

@article{Nekooeimehr2016,
  author = {Nekooeimehr, Iman and Lai-Yuen, Susana K},
  doi = {10.1016/j.eswa.2015.10.031},
  journal = {Expert Systems with Applications},
  month = {mar},
  pages = {405--416},
  publisher = {Elsevier {\{}BV{\}}},
  title = {{Adaptive semi-unsupervised weighted oversampling (A-SUWO) for imbalanced datasets}},
  url = {https://doi.org/10.1016/j.eswa.2015.10.031},
  volume = {46},
  year = {2016},
}

@article{Bunkhumpornpat2012,
  author = {Bunkhumpornpat, Chumphol and Sinapiromsaran, Krung and Lursinsap, Chidchanok},
  doi = {10.1007/s10489-011-0287-y},
  issn = {0924669X},
  journal = {Applied Intelligence},
  keywords = {Class imbalance,Classification,Density-based,Over-sampling},
  number = {3},
  pages = {664--684},
  title = {{DBSMOTE: Density-based synthetic minority over-sampling technique}},
  url = {https://doi.org/10.1007/s10489-011-0287-y},
  volume = {36},
  year = {2012},
}

@inproceedings{Tang2015,
  author = {Tang, Bo and He, Haibo},
  booktitle = {2015 IEEE Congress on Evolutionary Computation},
  doi = {10.1109/cec.2015.7256954},
  month = {may},
  publisher = {IEEE},
  title = {{KernelADASYN: Kernel based adaptive synthetic data generation for imbalanced learning}},
  url = {https://doi.org/10.1109/cec.2015.7256954},
  year = {2015},
}

@article{Barua2014,
  author = {Barua, Sukarna and Islam, Md Monirul and Yao, Xin and Murase, Kazuyuki},
  doi = {10.1109/TKDE.2012.232},
  isbn = {1041-4347},
  issn = {10414347},
  journal = {IEEE Transactions on Knowledge and Data Engineering},
  keywords = {Imbalanced learning,clustering,oversampling,synthetic sample generation,undersampling},
  number = {2},
  pages = {405--425},
  title = {{MWMOTE - Majority weighted minority oversampling technique for imbalanced data set learning}},
  volume = {26},
  year = {2014},
}

@article{Douzas2017,
	title = "Self-Organizing Map Oversampling (SOMO) for imbalanced data set learning",
	journal = "Expert Systems with Applications",
	volume = "82",
	pages = "40 - 52",
	year = "2017",
	issn = "0957-4174",
	doi = "https://doi.org/10.1016/j.eswa.2017.03.073",
	url = "http://www.sciencedirect.com/science/article/pii/S0957417417302324",
	author = "Georgios Douzas and Fernando Bacao"
}

@book{rodriguez2012,
  title={Hybrid Artificial Intelligent Systems: 7th International Conference, HAIS 2012, Salamanca, Spain, March 28-30th, 2012, Proceedings},
  author={Rodriguez, E.S.C. and Snasel, V. and Abraham, A. and Wozniak, M. and Grana, M. and Cho, S.B.},
  number={Teil 2},
  isbn={9783642289316},
  series={Lecture Notes in Computer Science},
  url={https://books.google.ie/books?id=CuERBwAAQBAJ},
  year={2012},
  publisher={Springer Berlin Heidelberg},
}

@article{Kubat1997,
  archiveprefix = {arXiv},
  arxivid = {arXiv:1011.1669v3},
  author = {Kubat, Miroslav and Matwin, Stan},
  doi = {10.1007/s13398-014-0173-7.2},
  eprint = {arXiv:1011.1669v3},
  isbn = {9780874216561},
  issn = {0717-6163},
  journal = {In Proceedings of the Fourteenth International Conference on Machine Learning},
  pages = {179--186},
  pmid = {15003161},
  title = {{Addressing the Curse of Imbalanced Training Sets: One Sided Selection}},
  volume = {97},
  year = {1997},
}

@incollection{Prati2004B,
  doi = {10.1007/978-3-540-24694-7_32},
  url = {https://doi.org/10.1007/978-3-540-24694-7_32},
  year = {2004},
  publisher = {Springer Berlin Heidelberg},
  pages = {312--321},
  author = {Ronaldo C. Prati and Gustavo E. A. P. A. Batista and Maria Carolina Monard},
  title = {Class Imbalances versus Class Overlapping: An Analysis of a Learning System Behavior},
  booktitle = {{MICAI} 2004: Advances in Artificial Intelligence}
}

@incollection{Han2005,
  author = {Han, Hui and Wang, Wen-Yuan and Mao, Bing-Huan},
  booktitle = {Lecture Notes in Computer Science},
  doi = {10.1007/11538059_91},
  pages = {878--887},
  publisher = {Springer Berlin Heidelberg},
  title = {{Borderline-SMOTE: A New Over-Sampling Method in Imbalanced Data Sets Learning}},
  url = {https://doi.org/10.1007/11538059{\_}91},
  year = {2005},
}

@article{Sez2016,
  doi = {10.1016/j.patcog.2016.03.012},
  url = {https://doi.org/10.1016/j.patcog.2016.03.012},
  year = {2016},
  month = sep,
  publisher = {Elsevier {BV}},
  volume = {57},
  pages = {164--178},
  author = {Jos{\'{e}} A. S{\'{a}}ez and Bartosz Krawczyk and Micha{\l} Wo{\'{z}}niak},
  title = {Analyzing the oversampling of different classes and types of examples in multi-class imbalanced datasets},
  journal = {Pattern Recognition}
}

@article{Tang2007,
  doi = {10.1093/ietisy/e90-d.11.1787},
  url = {https://doi.org/10.1093/ietisy/e90-d.11.1787},
  year = {2007},
  month = nov,
  publisher = {Institute of Electronics,  Information and Communications Engineers ({IEICE})},
  volume = {E90-D},
  number = {11},
  pages = {1787--1795},
  author = {Y. Tang and J. Gao},
  title = {Improved Classification for Problem Involving Overlapping Patterns},
  journal = {{IEICE} Transactions on Information and Systems}
}

@incollection{Kker2007,
  doi = {10.1016/b978-044452855-1/50014-3},
  url = {https://doi.org/10.1016/b978-044452855-1/50014-3},
  year = {2007},
  publisher = {Elsevier},
  pages = {319--337},
  author = {M\"{u}nevver K\"{o}k\"{u}er and Raouf N.G. Naguib and Peter Jan{\v{c}}ovi{\v{c}} and H. Banfield Younghusband and Roger Green},
  title = {Towards Automatic Risk Analysis for Hereditary Non-Polyposis Colorectal Cancer Based on Pedigree Data},
  booktitle = {Outcome Prediction in Cancer}
}

@incollection{Brocki2007,
  doi = {10.1007/978-3-540-73956-2_24},
  url = {https://doi.org/10.1007/978-3-540-73956-2_24},
  publisher = {Springer Berlin Heidelberg},
  pages = {116--119},
  author = {{\L}ukasz Brocki and Danijel Kor{\v{z}}inek},
  title = {Kohonen Self-Organizing Map for the Traveling Salesperson Problem},
  booktitle = {Recent Advances in Mechatronics}
}

@article{Douzas2019,
  doi = {10.1016/j.ins.2019.06.007},
  url = {https://doi.org/10.1016/j.ins.2019.06.007},
  year = {2019},
  month = jun,
  publisher = {Elsevier {BV}},
  author = {Georgios Douzas and Fernando Bacao},
  title = {Geometric {SMOTE} A geometrically enhanced drop-in replacement for {SMOTE}},
  journal = {Information Sciences}
}

@inproceedings{Cieslak2006,
  author = {D. A. Cieslak and N. V. Chawla and A. Striegel},
  booktitle = {2006 IEEE International Conference on Granular Computing},
  title = {{Combating imbalance in network intrusion datasets}},
  year = {2006},
  pages = {732-737},
  keywords = {Computer networks;Computer security;Counting circuits;Data mining;Data security;Humans;Intelligent networks;Intrusion detection;Machine learning;Telecommunication traffic},
  doi = {10.1109/GRC.2006.1635905},
  month = {May},
}

@article{Guo2018,
  doi = {10.3390/info9090238},
  url = {https://doi.org/10.3390/info9090238},
  year = {2018},
  month = sep,
  publisher = {{MDPI} {AG}},
  volume = {9},
  number = {9},
  pages = {238},
  author = {Huaping Guo and Jun Zhou and Chang-An Wu},
  title = {Imbalanced Learning Based on Data-Partition and {SMOTE}},
  journal = {Information}
}

@article{Hand2009,
  doi = {10.1007/s10994-009-5119-5},
  url = {https://doi.org/10.1007/s10994-009-5119-5},
  year = {2009},
  month = jun,
  publisher = {Springer Science and Business Media {LLC}},
  volume = {77},
  number = {1},
  pages = {103--123},
  author = {David J. Hand},
  title = {Measuring classifier performance: a~coherent alternative to the area under the {ROC} curve},
  journal = {Machine Learning}
}

@article{Schubach2017,
  doi = {10.1038/s41598-017-03011-5},
  url = {https://doi.org/10.1038/s41598-017-03011-5},
  year = {2017},
  month = jun,
  publisher = {Springer Nature},
  volume = {7},
  number = {1},
  author = {Max Schubach and Matteo Re and Peter N. Robinson and Giorgio Valentini},
  title = {Imbalance-Aware Machine Learning for Predicting Rare and Common Disease-Associated Non-Coding Variants},
  journal = {Scientific Reports}
}

@article{Salzberg1994,
  doi = {10.1007/bf00993309},
  url = {https://doi.org/10.1007/bf00993309},
  year = {1994},
  month = sep,
  publisher = {Springer Science and Business Media {LLC}},
  volume = {16},
  number = {3},
  pages = {235--240},
  author = {Steven L. Salzberg},
  title = {C4.5: Programs for Machine Learning by J. Ross Quinlan. Morgan Kaufmann Publishers,  Inc.,  1993},
  journal = {Machine Learning}
}

@inproceedings{Guyon2003,
  author = {Guyon, Isabelle},
  booktitle = {NIPS 2003 workshop on feature extraction},
  title = {{Design of experiments of the NIPS 2003 variable selection benchmark}},
  url = {http://scholar.google.com/scholar?hl=en{\%}7B{\&}{\%}7DbtnG=Search{\%}7B{\&}{\%}7Dq=intitle:Design+of+experiments+for+the+NIPS+2003+variable+selection+benchmark{\%}7B{\#}{\%}7D0},
  year = {2003},
}

@article{Domingos1999,
  archiveprefix = {arXiv},
  arxivid = {arXiv:1011.1669v3},
  author = {Domingos, Pedro},
  doi = {10.1145/312129.312220},
  eprint = {arXiv:1011.1669v3},
  isbn = {1581131437},
  issn = {1550-4786},
  journal = {Proceedings of the fifth ACM SIGKDD international conference on Knowledge discovery and data mining},
  pages = {155--164},
  pmid = {25246403},
  title = {{MetaCost: A General Method for Making Classifiers Cost-Sensitive}},
  url = {http://portal.acm.org/citation.cfm?id=312129.312220{\%}7B{\&}{\%}7Dtype=series},
  volume = {55},
  year = {1999},
}

@article{Ting2002,
  author = {Ting, Kai Ming},
  doi = {10.1109/TKDE.2002.1000348},
  isbn = {10414347 (ISSN)},
  issn = {10414347},
  journal = {IEEE Transactions on Knowledge and Data Engineering},
  keywords = {Cost-sensitive,Decision trees,Greedy divide-and-conquer algorithm,Induction,Instance weighting},
  number = {3},
  pages = {659--665},
  pmid = {158},
  title = {{An Instance-Weighting Method to Induce Cost-Sensitive Trees}},
  volume = {14},
  year = {2002},
}

@article{He2009,
  archiveprefix = {arXiv},
  arxivid = {arXiv:1011.1669v3},
  author = {He, Haibo and Garcia, Edwardo A},
  doi = {10.1109/TKDE.2008.239},
  eprint = {arXiv:1011.1669v3},
  isbn = {1041-4347},
  issn = {10414347},
  journal = {IEEE Transactions on Knowledge and Data Engineering},
  keywords = {Active learning,Assessment metrics,Classification,Cost-sensitive learning,Imbalanced learning,Kernel-based learning,Sampling methods},
  number = {9},
  pages = {1263--1284},
  pmid = {24807526},
  title = {{Learning from Imbalanced Data}},
  volume = {21},
  year = {2009},
}

@article{Fernandez2018,
  doi = {10.1613/jair.1.11192},
  url = {https://doi.org/10.1613/jair.1.11192},
  year = {2018},
  month = apr,
  publisher = {{AI} Access Foundation},
  volume = {61},
  pages = {863--905},
  author = {Alberto Fernandez and Salvador Garcia and Francisco Herrera and Nitesh V. Chawla},
  title = {{SMOTE} for Learning from Imbalanced Data: Progress and Challenges,  Marking the 15-year Anniversary},
  journal = {Journal of Artificial Intelligence Research}
}

@article{Cover1967,
  author = {Cover, T and Hart, P},
  doi = {10.1109/TIT.1967.1053964},
  isbn = {0018-9448},
  issn = {0018-9448},
  journal = {IEEE Transactions on Information Theory},
  number = {1},
  pages = {21--27},
  pmid = {21919855},
  title = {{Nearest neighbor pattern classification}},
  url = {http://ieeexplore.ieee.org/lpdocs/epic03/wrapper.htm?arnumber=1053964},
  volume = {13},
  year = {1967},
}

@article{Banarescu2015,
	doi = {10.1016/s2212-5671(15)01485-9},
	url = {https://doi.org/10.1016/s2212-5671(15)01485-9},
	year = {2015},
	publisher = {Elsevier {BV}},
	volume = {32},
	pages = {1827--1836},
	author = {Adrian B{\u{a}}n{\u{a}}rescu},
	title = {Detecting and Preventing Fraud with Data Analytics},
	journal = {Procedia Economics and Finance}
}

@article{Beyan2015,
	doi = {10.1016/j.patcog.2014.10.032},
	url = {https://doi.org/10.1016/j.patcog.2014.10.032},
	year = {2015},
	month = may,
	publisher = {Elsevier {BV}},
	volume = {48},
	number = {5},
	pages = {1653--1672},
	author = {Cigdem Beyan and Robert Fisher},
	title = {Classifying imbalanced data sets using similarity based 
	hierarchical decomposition},
	journal = {Pattern Recognition}
}

@incollection{Beyer1999,
	doi = {10.1007/3-540-49257-7_15},
	url = {https://doi.org/10.1007/3-540-49257-7_15},
	year = {1999},
	publisher = {Springer Berlin Heidelberg},
	pages = {217--235},
	author = {Kevin Beyer and Jonathan Goldstein and Raghu Ramakrishnan and Uri 
	Shaft},
	title = {When Is {\textquotedblleft}Nearest Neighbor{\textquotedblright} 
	Meaningful?},
	booktitle = {Lecture Notes in Computer Science}
}
@article{Chawla2002,
	doi = {10.1613/jair.953},
	url = {https://doi.org/10.1613/jair.953},
	year = {2002},
	month = jun,
	publisher = {{AI} Access Foundation},
	volume = {16},
	pages = {321--357},
	author = {N. V. Chawla and K. W. Bowyer and L. O. Hall and W. P. 
	Kegelmeyer},
	title = {{SMOTE}: Synthetic Minority Over-sampling Technique},
	journal = {Journal of Artificial Intelligence Research}
}
@article{Buckland1994,
	doi = {10.1002/(sici)1097-4571(199401)45:1<12::aid-asi2>3.0.co;2-l},
	url = 
	{https://doi.org/10.1002/(sici)1097-4571(199401)45:1<12::aid-asi2>3.0.co;2-l},
	year = {1994},
	month = jan,
	publisher = {Wiley},
	volume = {45},
	number = {1},
	pages = {12--19},
	author = {Michael Buckland and Fredric Gey},
	title = {The relationship between Recall and Precision},
	journal = {Journal of the American Society for Information Science}
}
@incollection{Chawla2009,
	doi = {10.1007/978-0-387-09823-4_45},
	url = {https://doi.org/10.1007/978-0-387-09823-4_45},
	year = {2009},
	publisher = {Springer {US}},
	pages = {875--886},
	author = {Nitesh V. Chawla},
	title = {Data Mining for Imbalanced Datasets: An Overview},
	booktitle = {Data Mining and Knowledge Discovery Handbook}
}
@article{Chen2012,
	doi = {10.1016/j.ejor.2012.06.040},
	url = {https://doi.org/10.1016/j.ejor.2012.06.040},
	year = {2012},
	month = dec,
	publisher = {Elsevier {BV}},
	volume = {223},
	number = {2},
	pages = {461--472},
	author = {Zhen-Yu Chen and Zhi-Ping Fan and Minghe Sun},
	title = {A hierarchical multiple kernel support vector machine for customer 
	churn prediction using longitudinal behavioral data},
	journal = {European Journal of Operational Research}
}
@article{Douzas2017,
	doi = {10.1016/j.eswa.2017.03.073},
	url = {https://doi.org/10.1016/j.eswa.2017.03.073},
	year = {2017},
	month = oct,
	publisher = {Elsevier {BV}},
	volume = {82},
	pages = {40--52},
	author = {Georgios Douzas and Fernando Bacao},
	title = {Self-Organizing Map Oversampling ({SOMO}) for imbalanced data set 
	learning},
	journal = {Expert Systems with Applications}
}
@article{Douzas2018,
	doi = {10.1016/j.eswa.2017.09.030},
	url = {https://doi.org/10.1016/j.eswa.2017.09.030},
	year = {2018},
	month = jan,
	publisher = {Elsevier {BV}},
	volume = {91},
	pages = {464--471},
	author = {Georgios Douzas and Fernando Bacao},
	title = {Effective data generation for imbalanced learning using 
	conditional generative adversarial networks},
	journal = {Expert Systems with Applications}
}
@article{HaiboHe2009,
	doi = {10.1109/tkde.2008.239},
	url = {https://doi.org/10.1109/tkde.2008.239},
	year = {2009},
	month = sep,
	publisher = {Institute of Electrical and Electronics Engineers ({IEEE})},
	volume = {21},
	number = {9},
	pages = {1263--1284},
	author = {Haibo He and E.A. Garcia},
	title = {Learning from Imbalanced Data},
	journal = {{IEEE} Transactions on Knowledge and Data Engineering}
}

@article{Haixiang2017,
	doi = {10.1016/j.eswa.2016.12.035},
	url = {https://doi.org/10.1016/j.eswa.2016.12.035},
	year = {2017},
	month = may,
	publisher = {Elsevier {BV}},
	volume = {73},
	pages = {220--239},
	author = {Guo Haixiang and Li Yijing and Jennifer Shang and Gu Mingyun and 
	Huang Yuanyue and Gong Bing},
	title = {Learning from class-imbalanced data: Review of methods and 
	applications},
	journal = {Expert Systems with Applications}
}
@inproceedings{Holte1989ConceptLA,
	title={Concept Learning and the Problem of Small Disjuncts},
	author={Robert C. Holte and Liane Acker and Bruce W. Porter},
	booktitle={IJCAI},
	year={1989}
}
@incollection{Hassan2015,
	doi = {10.1007/978-3-319-27400-3_11},
	url = {https://doi.org/10.1007/978-3-319-27400-3_11},
	year = {2015},
	month = nov,
	publisher = {Springer International Publishing},
	pages = {117--127},
	author = {Amira Kamil Ibrahim Hassan and Ajith Abraham},
	title = {Modeling Insurance Fraud Detection Using Imbalanced Data 
	Classification},
	booktitle = {Advances in Intelligent Systems and Computing}
}
@article{Zhu2017,
	doi = {10.1016/j.ins.2017.04.015},
	url = {https://doi.org/10.1016/j.ins.2017.04.015},
	year = {2017},
	month = oct,
	publisher = {Elsevier {BV}},
	volume = {408},
	pages = {84--99},
	author = {Bing Zhu and Bart Baesens and Seppe K.L.M. vanden Broucke},
	title = {An empirical comparison of techniques for the class imbalance 
	problem in churn prediction},
	journal = {Information Sciences}
}
@article{Zhou:2013:PCB:2438098.2438145,
	author = {Zhou, Ligang},
	title = {Performance of Corporate Bankruptcy Prediction Models on 
	Imbalanced Dataset: The Effect of Sampling Methods},
	journal = {Know.-Based Syst.},
	issue_date = {March, 2013},
	volume = {41},
	month = mar,
	year = {2013},
	issn = {0950-7051},
	pages = {16--25},
	numpages = {10},
	url = {http://dx.doi.org/10.1016/j.knosys.2012.12.007},
	doi = {10.1016/j.knosys.2012.12.007},
	acmid = {2438145},
	publisher = {Elsevier Science Publishers B. V.},
	address = {Amsterdam, The Netherlands, The Netherlands},
	keywords = {Bankruptcy prediction, Classification, Imbalanced dataset, 
	Oversampling, Undersampling},
} 
@inproceedings{Zhang2015,
	doi = {10.1109/icnc.2015.7378029},
	url = {https://doi.org/10.1109/icnc.2015.7378029},
	year = {2015},
	month = aug,
	publisher = {{IEEE}},
	author = {Dongmei Zhang and Jun Ma and Jing Yi and Xiaofei Niu and Xiaojing 
	Xu},
	title = {An ensemble method for unbalanced sentiment classification},
	booktitle = {2015 11th International Conference on Natural Computation 
	({ICNC})}
}
@article{Yang2009,
	doi = {10.1186/1471-2164-10-s3-s34},
	url = {https://doi.org/10.1186/1471-2164-10-s3-s34},
	year = {2009},
	publisher = {Springer Nature},
	volume = {10},
	number = {Suppl 3},
	pages = {S34},
	author = {Pengyi Yang and Liang Xu and Bing B Zhou and Zili Zhang and 
	Albert Y Zomaya},
	title = {A particle swarm based hybrid system for imbalanced medical data 
	sampling},
	journal = {{BMC} Genomics}
}
@article{Wei2012,
	doi = {10.1007/s11280-012-0178-0},
	url = {https://doi.org/10.1007/s11280-012-0178-0},
	year = {2012},
	month = jul,
	publisher = {Springer Science and Business Media {LLC}},
	volume = {16},
	number = {4},
	pages = {449--475},
	author = {Wei Wei and Jinjiu Li and Longbing Cao and Yuming Ou and Jiahang 
	Chen},
	title = {Effective detection of sophisticated online banking fraud on 
	extremely imbalanced data},
	journal = {World Wide Web}
}
@article{Sun2015,
	doi = {10.1016/j.patcog.2014.11.014},
	url = {https://doi.org/10.1016/j.patcog.2014.11.014},
	year = {2015},
	month = may,
	publisher = {Elsevier {BV}},
	volume = {48},
	number = {5},
	pages = {1623--1637},
	author = {Zhongbin Sun and Qinbao Song and Xiaoyan Zhu and Heli Sun and 
	Baowen Xu and Yuming Zhou},
	title = {A novel ensemble method for classifying imbalanced data},
	journal = {Pattern Recognition}
}
@inproceedings{SchistadSolberg,
	doi = {10.1109/igarss.1996.516705},
	url = {https://doi.org/10.1109/igarss.1996.516705},
	publisher = {{IEEE}},
	author = {A.H. Schistad Solberg and R. Solberg},
	title = {A large-scale evaluation of features for automatic detection of 
	oil spills in {ERS} {SAR} images},
	booktitle = {{IGARSS} {\textquotesingle}96. 1996 International Geoscience 
	and Remote Sensing Symposium}
}
@inproceedings{Helal2016,
	doi = {10.1109/iwci.2016.7860349},
	url = {https://doi.org/10.1109/iwci.2016.7860349},
	year = {2016},
	month = dec,
	publisher = {{IEEE}},
	author = {Mustakim Al Helal and Mohammad Salman Haydar and Seraj Al Mahmud 
	Mostafa},
	title = {Algorithms efficiency measurement on imbalanced data using 
	geometric mean and cross validation},
	booktitle = {2016 International Workshop on Computational Intelligence 
	({IWCI})}
}
@article{Sahin2013,
	doi = {10.1016/j.eswa.2013.05.021},
	url = {https://doi.org/10.1016/j.eswa.2013.05.021},
	year = {2013},
	month = nov,
	publisher = {Elsevier {BV}},
	volume = {40},
	number = {15},
	pages = {5916--5923},
	author = {Yusuf Sahin and Serol Bulkan and Ekrem Duman},
	title = {A cost-sensitive decision tree approach for fraud detection},
	journal = {Expert Systems with Applications}
}
@article{Phua2004,
	doi = {10.1145/1007730.1007738},
	url = {https://doi.org/10.1145/1007730.1007738},
	year = {2004},
	month = jun,
	publisher = {Association for Computing Machinery ({ACM})},
	volume = {6},
	number = {1},
	pages = {50},
	author = {Clifton Phua and Damminda Alahakoon and Vincent Lee},
	title = {Minority report in fraud detection},
	journal = {{ACM} {SIGKDD} Explorations Newsletter}
}
@article{PrezGodoy2010,
	doi = {10.1016/j.patrec.2010.07.010},
	url = {https://doi.org/10.1016/j.patrec.2010.07.010},
	year = {2010},
	month = nov,
	publisher = {Elsevier {BV}},
	volume = {31},
	number = {15},
	pages = {2375--2388},
	author = {Mar{\'{\i}}a Dolores P{\'{e}}rez-Godoy and Alberto 
	Fern{\'{a}}ndez and Antonio Jes{\'{u}}s Rivera and Mar{\'{\i}}a Jos{\'{e}} 
	del Jesus},
	title = {Analysis of an evolutionary {RBFN} design algorithm,  {CO}2RBFN,  
	for imbalanced data sets},
	journal = {Pattern Recognition Letters}
}
@article{Nekooeimehr2016,
	doi = {10.1016/j.eswa.2015.10.031},
	url = {https://doi.org/10.1016/j.eswa.2015.10.031},
	year = {2016},
	month = mar,
	publisher = {Elsevier {BV}},
	volume = {46},
	pages = {405--416},
	author = {Iman Nekooeimehr and Susana K. Lai-Yuen},
	title = {Adaptive semi-unsupervised weighted oversampling (A-{SUWO}) for 
	imbalanced datasets},
	journal = {Expert Systems with Applications}
}
@article{Napierala2015,
	doi = {10.1007/s10844-015-0368-1},
	url = {https://doi.org/10.1007/s10844-015-0368-1},
	year = {2015},
	month = jul,
	publisher = {Springer Nature},
	volume = {46},
	number = {3},
	pages = {563--597},
	author = {Krystyna Napierala and Jerzy Stefanowski},
	title = {Types of minority class examples and their influence on learning 
	classifiers from imbalanced data},
	journal = {Journal of Intelligent Information Systems}
}

@article{Menardi2012,
	doi = {10.1007/s10618-012-0295-5},
	url = {https://doi.org/10.1007/s10618-012-0295-5},
	year = {2012},
	month = oct,
	publisher = {Springer Science and Business Media {LLC}},
	volume = {28},
	number = {1},
	pages = {92--122},
	author = {Giovanna Menardi and Nicola Torelli},
	title = {Training and assessing classification rules with imbalanced data},
	journal = {Data Mining and Knowledge Discovery}
}
@article{Mease:2007:BCT:1248659.1248675,
	author = {Mease, David and Wyner, Abraham J. and Buja, Andreas},
	title = {Boosted Classification Trees and Class Probability/Quantile 
	Estimation},
	journal = {J. Mach. Learn. Res.},
	issue_date = {5/1/2007},
	volume = {8},
	month = may,
	year = {2007},
	issn = {1532-4435},
	pages = {409--439},
	numpages = {31},
	url = {http://dl.acm.org/citation.cfm?id=1248659.1248675},
	acmid = {1248675},
	publisher = {JMLR.org},
} 
@article{LoyolaGonzlez2016,
	doi = {10.1016/j.neucom.2015.04.120},
	url = {https://doi.org/10.1016/j.neucom.2015.04.120},
	year = {2016},
	month = jan,
	publisher = {Elsevier {BV}},
	volume = {175},
	pages = {935--947},
	author = {Octavio Loyola-Gonz{\'{a}}lez and Jos{\'{e}} Fco. 
	Mart{\'{\i}}nez-Trinidad and Jes{\'{u}}s Ariel Carrasco-Ochoa and Milton 
	Garc{\'{\i}}a-Borroto},
	title = {Study of the impact of resampling methods for contrast pattern 
	based classifiers in imbalanced databases},
	journal = {Neurocomputing}
}

@article{Lpez2013,
	doi = {10.1016/j.ins.2013.07.007},
	url = {https://doi.org/10.1016/j.ins.2013.07.007},
	year = {2013},
	month = nov,
	publisher = {Elsevier {BV}},
	volume = {250},
	pages = {113--141},
	author = {Victoria L{\'{o}}pez and Alberto Fern{\'{a}}ndez and Salvador 
	Garc{\'{\i}}a and Vasile Palade and Francisco Herrera},
	title = {An insight into classification with imbalanced data: Empirical 
	results and current trends on using data intrinsic characteristics},
	journal = {Information Sciences}
}
@article{Li2017,
	doi = {10.1371/journal.pone.0180830},
	url = {https://doi.org/10.1371/journal.pone.0180830},
	year = {2017},
	month = jul,
	publisher = {Public Library of Science ({PLoS})},
	volume = {12},
	number = {7},
	pages = {e0180830},
	author = {Jinyan Li and Lian-sheng Liu and Simon Fong and Raymond K. Wong 
	and Sabah Mohammed and Jinan Fiaidhi and Yunsick Sung and Kelvin K. L. 
	Wong},
	editor = {Quan Zou},
	title = {Adaptive Swarm Balancing Algorithms for rare-event prediction in 
	imbalanced healthcare data},
	journal = {{PLOS} {ONE}}
}

@article{Douzas2018,
	doi = {10.1016/j.ins.2018.06.056},
	url = {https://doi.org/10.1016/j.ins.2018.06.056},
	year = {2018},
	month = oct,
	publisher = {Elsevier {BV}},
	volume = {465},
	pages = {1--20},
	author = {Georgios Douzas and Fernando Bacao and Felix Last},
	title = {Improving imbalanced learning through a heuristic oversampling 
	method based on k-means and {SMOTE}},
	journal = {Information Sciences}
}
@inproceedings{Kotsiantis2006HandlingID,
	title={Handling imbalanced datasets: A review},
	author={Sotiris B. Kotsiantis and Dimitris Kanellopoulos and Panayiotis E. 
	Pintelas},
	year={2006}
}
@article{Kim2016,
	doi = {10.1016/j.eswa.2016.06.016},
	url = {https://doi.org/10.1016/j.eswa.2016.06.016},
	year = {2016},
	month = nov,
	publisher = {Elsevier {BV}},
	volume = {62},
	pages = {32--43},
	author = {Yeonkook J. Kim and Bok Baik and Sungzoon Cho},
	title = {Detecting financial misstatements with fraud intention using 
	multi-class cost-sensitive learning},
	journal = {Expert Systems with Applications}
}
@incollection{Hassan2015,
	doi = {10.1007/978-3-319-27400-3_11},
	url = {https://doi.org/10.1007/978-3-319-27400-3_11},
	year = {2015},
	month = nov,
	publisher = {Springer International Publishing},
	pages = {117--127},
	author = {Amira Kamil Ibrahim Hassan and Ajith Abraham},
	title = {Modeling Insurance Fraud Detection Using Imbalanced Data 
	Classification},
	booktitle = {Advances in Intelligent Systems and Computing}
}
@inproceedings{Rio2015,
	doi = {10.1109/trustcom.2015.579},
	url = {https://doi.org/10.1109/trustcom.2015.579},
	year = {2015},
	month = aug,
	publisher = {{IEEE}},
	author = {Sara del Rio and Jose Manuel Benitez and Francisco Herrera},
	title = {Analysis of Data Preprocessing Increasing the Oversampling Ratio 
	for Extremely Imbalanced Big Data Classification},
	booktitle = {2015 {IEEE} Trustcom/{BigDataSE}/{ISPA}}
}
@article{Douzas2019,
	doi = {10.1016/j.ins.2019.06.007},
	url = {https://doi.org/10.1016/j.ins.2019.06.007},
	year = {2019},
	month = oct,
	publisher = {Elsevier {BV}},
	volume = {501},
	pages = {118--135},
	author = {Georgios Douzas and Fernando Bacao},
	title = {Geometric {SMOTE} a geometrically enhanced drop-in replacement for 
	{SMOTE}},
	journal = {Information Sciences}
}
@article{HaiboHe2009,
	doi = {10.1109/tkde.2008.239},
	url = {https://doi.org/10.1109/tkde.2008.239},
	year = {2009},
	month = sep,
	publisher = {Institute of Electrical and Electronics Engineers ({IEEE})},
	volume = {21},
	number = {9},
	pages = {1263--1284},
	author = {Haibo He and E.A. Garcia},
	title = {Learning from Imbalanced Data},
	journal = {{IEEE} Transactions on Knowledge and Data Engineering}
}
@article{Beyan2015,
	doi = {10.1016/j.patcog.2014.10.032},
	url = {https://doi.org/10.1016/j.patcog.2014.10.032},
	year = {2015},
	month = may,
	publisher = {Elsevier {BV}},
	volume = {48},
	number = {5},
	pages = {1653--1672},
	author = {Cigdem Beyan and Robert Fisher},
	title = {Classifying imbalanced data sets using similarity based 
	hierarchical decomposition},
	journal = {Pattern Recognition}
}
@incollection{Hassan2015,
	doi = {10.1007/978-3-319-27400-3_11},
	url = {https://doi.org/10.1007/978-3-319-27400-3_11},
	year = {2015},
	month = nov,
	publisher = {Springer International Publishing},
	pages = {117--127},
	author = {Amira Kamil Ibrahim Hassan and Ajith Abraham},
	title = {Modeling Insurance Fraud Detection Using Imbalanced Data 
	Classification},
	booktitle = {Advances in Intelligent Systems and Computing}
}